@paper{bakomwlan,
title = {WLAN / RLAN},
year = 2011,
howpublished = "\url{http://www.bakom.admin.ch/themen/geraete/00568/01232/index.html?lang=de}",
note = "[Online, accessed 24-Marc-2015]"
},

@paper{eigenbauyagi,
title = {Die 0-Euro-Antenne},
year = 2008,
howpublished ="\url{http://www.heise.de/netze/artikel/Die-0-Euro-Antenne-223704.html}",
note = "[Online, accessed 2-April-2015]"
}